<?xml version="1.0" encoding="UTF-8"?><collection xmlns="http://www.loc.gov/MARC21/slim"><record><leader>00613nam--2200181-i-4500</leader><controlfield tag="001">000015273</controlfield><controlfield tag="002">20161230</controlfield><controlfield tag="005">20161230201031</controlfield><controlfield tag="008">060222s1000------------r-----000-0-fre-d</controlfield><datafield ind1=" " ind2=" " tag="040"><subfield code="a">IFIN-HH</subfield></datafield><datafield ind1=" " ind2=" " tag="041"><subfield code="a">fre</subfield></datafield><datafield ind1=" " ind2=" " tag="080"><subfield code="a">538.935(043)</subfield></datafield><datafield ind1="1" ind2=" " tag="100"><subfield code="a">Abbe, Daniel</subfield></datafield><datafield ind1="1" ind2="0" tag="245"><subfield code="a">Evolution du spectre de photons et de la densite d'etats au niveau de fermi a l'approache de la transformation martensitique dans les alliages nial, ti(nico), cu zn al et in tl</subfield><subfield code="b">These</subfield><subfield code="c">Daniel abbe</subfield></datafield><datafield ind1=" " ind2=" " tag="260"><subfield code="a">Paris</subfield><subfield code="b">Universite Pierre Et Marie Curie</subfield><subfield code="c">1980</subfield></datafield><datafield ind1=" " ind2=" " tag="300"><subfield code="a">88P</subfield></datafield><datafield ind1=" " ind2=" " tag="852"><subfield code="a">71805</subfield><subfield code="c">539.2</subfield></datafield><datafield ind1=" " ind2=" " tag="CAT"><subfield code="a">Sys</subfield><subfield code="c">20121107</subfield><subfield code="h">144346</subfield></datafield></record></collection>